@Book{StroustrupCpp,
	author = {Бьерн Страуструп},
	title  = {Язык программирования С++},
	url = { http://8361.ru/6sem/books/Straustrup-Yazyk_programmirovaniya_c.pdf. },
}

@Book{ProGit,
	author = {Scott Chacon, Ben Straub},
	title  = {Pro Git},
	url = { https://github.com/progit/progit2-ru/releases/download/2.1.117/progit.pdf. },
}

@Book{Rotkop1976,
  author = {Л.Л.Роткоп, Ю.Е. Cпокойный},
  title  = {Обеспечение тепловых режимов при конструировании РЭА},
  year   = {1976},
  publisher = {Советское радио}
}

@Book{GOST-15150-69,
  key = {ГОСТ 15-150-69},
  keywords = {УХЛ},
  title    = {ГОСТ-15150-69.
  Машины, приборы и другие технические изделия.
  Исполнения для различных климатических районов.
  Категории, условия эксплуатации,
  хранения и транспортирования в части воздействия климатических фактовро
  внешей среды},
  publisher = {Стандартинформ}
}


@Book{GOST-spec,
  key = {ГОСТ 2.108-68},
  keywords = {ЕСКД. Спецификация},
  publisher = {Стандаринформ},
  title = {ГОСТ 2.108-68.
  Единая Система Конструкторской Документации.
  Спецификация},
  institution =  { Комитет стандартов, мер и измерительных приборов при
СМ СССР}
}

@Book{GOST-2-702-2011,
  key = {ГОСТ 2.702-2011},
  keywords = {ЕСКД. Принципиальная схема. Перечень элементов},
  title= {Единая Cистема Конструкторской Документации.
  Правила выполнения электрических схем},
}

@Misc{MULTIPHYSICS-CYCLOPEDIA-FEM,
  title = {Finite Element Analysis (FEA) Software },
  url = { https://www.comsol.com/multiphysics/fea-software?parent=finite-element-method-042-62-22 },
  urldate = {2024-05-07},
}

@Misc{GNU-philosophy,
  title = {Что такое свободная программа? },
  url= { https://www.gnu.org/philosophy/free-sw.html },
  urldate = {2024-07-05},
}


@Misc{kicad-license,
  title = {Лицензия САПР KiCAD },
  url = { https://www.kicad.org/about/licenses/},
  urldate = {2024-07-05},
}

@Misc{ufair-nonfree-programs,
  title = {Несправедливость несвободных программ },
  url = { https://www.gnu.org/philosophy/free-software-even-more-important.html },
  urldate = {2024-07-05},
}


% kicad-sponsors
% https://www.kicad.org/sponsors/inkind/
@Misc{kicad-sponsors,
  title = {KiCAD In Kind Sponsors },
  url = { https://www.kicad.org/sponsors/inkind/ },
  urldate = {2024-07-05},
}

@Misc{kicad-doc-eeschema,
  title = {KiCAD eeschema Reference Manual },
  url = { https://docs.kicad.org/8.0/en/eeschema/eeschema.html },
  urldate = {2024-07-05},
}

@Misc{Proteus-Simulation,
  title = {Circuit Simulation Software },
  url = { https://www.labcenter.com/simulation/ },
  urldate = {2024-07-05},
}

@Misc{kicad-sexpr,
  title = {Эс-выражения. Документация разработчиков KiCAD
  },
  url = { https://dev-docs.kicad.org/en/components/sexpr/ },
  urldate = {2024-07-05},
}

@Misc{git-dvcs,
  title = {Система контроля версий git. Распределённость.
  },
  url = {https://git-scm.com/about/distributed},
  urldate = {2024-07-05},
}


@Misc{mal-biznes-ru,
  title = {Министерство экономики Республики Беларусь.
  Малый и средний бизнес. },
  url = {https://economy.gov.by/ru/mal-biznes-ru/},
  urldate = {2024-07-05},
}

@Misc{rte-about,
  title = {RTE: О компании },
  url = {https://rte.by/o-kompanii.html},
  urldate = {2024-07-05},
}

@Misc{rlocman-rs-converter,
  title = { Радио Лоцман
  Конвертер RS-232 - RS-485
  с автоматическим управлением приемом/передачей},
  url = {https://www.rlocman.ru/shem/schematics.html?di=64700},
  urldate = {2024-06-25},
}

@Misc{SimulIDE,
  title = { SimulIDE },
  url = {https://simulide.com/p/},
  urldate = {2024-06-28},
}
% Comment Local Variables:
% Comment compile-command: "biber --tool -V Karakin6semPractise.bib"
% Comment End:
